<record><leader>00000cas a22000007a 4500</leader><controlfield tag="001">20973906</controlfield><controlfield tag="008">900130d19171926couwr ne      0    0eng d</controlfield><datafield ind1=" " ind2=" " tag="010"><subfield code="a">sn 90051029 </subfield></datafield><datafield ind1=" " ind2=" " tag="040"><subfield code="a">CNQ</subfield><subfield code="b">eng</subfield><subfield code="c">CNQ</subfield><subfield code="d">OCL</subfield><subfield code="d">OCLCQ</subfield></datafield><datafield ind1=" " ind2=" " tag="042"><subfield code="a">msc</subfield></datafield><datafield ind1="0" ind2="0" tag="245"><subfield code="a">La Jara gazette combined with the enterprise.</subfield></datafield><datafield ind1="1" ind2="7" tag="246"><subfield code="a">La Jara enterprise</subfield></datafield><datafield ind1=" " ind2=" " tag="260"><subfield code="a">La Jara, Colo. :</subfield><subfield code="b">J.W. Sarjent</subfield></datafield><datafield ind1=" " ind2=" " tag="300"><subfield code="a">v.</subfield></datafield><datafield ind1=" " ind2=" " tag="310"><subfield code="a">Weekly</subfield></datafield><datafield ind1="0" ind2=" " tag="362"><subfield code="a">1st year, no. 48 (Mar. 16, 1917)-11th year, no. 11 (July 1, 1926) called also enterprise, 7th year, no. 41-15th year, no. 52.</subfield></datafield><datafield ind1=" " ind2=" " tag="530"><subfield code="a">Available on microfilm from the Colorado Historical Society.</subfield></datafield><datafield ind1=" " ind2=" " tag="752"><subfield code="a">United States</subfield><subfield code="b">Colorado</subfield><subfield code="c">Conejos</subfield><subfield code="d">La Jara.</subfield></datafield><datafield ind1="0" ind2="0" tag="780"><subfield code="t">Jara gazette and La Jara enterprise</subfield><subfield code="w">(DLC)sn 90051028</subfield></datafield><datafield ind1="0" ind2="0" tag="785"><subfield code="t">Jara gazette (La Jara, Colo. : 1926)</subfield><subfield code="w">(DLC)sn 90051030</subfield></datafield><datafield ind1="1" ind2=" " tag="029"><subfield code="a">AU@</subfield><subfield code="b">000040181769</subfield></datafield></record>